@Book{Piegl1997,
  author    = {Piegl, Les A.},
  publisher = {Springer},
  title     = {The NURBS book},
  year      = {1997},
  isbn      = {3540615458},
  groups    = {Master Thesis},
  pages     = {646},
}

@Article{Hass2006,
  author    = {Joel Hass and Rida T. Farouki and Chang Yong Han and Xiaowen Song and Thomas W. Sederberg},
  journal   = {Advances in Computational Mathematics},
  title     = {Guaranteed consistency of surface intersections and trimmed surfaces using a coupled topology resolution and domain decomposition scheme},
  year      = {2006},
  month     = {aug},
  number    = {1},
  pages     = {1--26},
  volume    = {27},
  doi       = {10.1007/s10444-005-7539-5},
  groups    = {Master Thesis},
  publisher = {Springer Science and Business Media {LLC}},
}

@Article{Farouki1999,
  author  = {Rida T. Farouki},
  journal = {SIAM News},
  title   = {Closing the Gap Between CAD Model and Downstream Application},
  year    = {1999},
  number  = {5},
  volume  = {32},
  groups  = {Master Thesis},
  url     = {https://cs.nyu.edu/exact/resource/cfd99/cadmodel.htm},
}

@Book{Royce2015,
  author    = {Rolls Royce},
  publisher = {Wiley & Sons, Limited},
  title     = {Jet Engine},
  year      = {2015},
  isbn      = {9781119065999},
  groups    = {Master Thesis},
  pages     = {288},
}

@Article{Barnhill1987,
  author    = {R.E. Barnhill and G. Farin and M. Jordan and B.R. Piper},
  journal   = {Computer Aided Geometric Design},
  title     = {Surface/surface intersection},
  year      = {1987},
  month     = {jul},
  number    = {1-2},
  pages     = {3--16},
  volume    = {4},
  doi       = {10.1016/0167-8396(87)90020-3},
  groups    = {Master Thesis},
  publisher = {Elsevier {BV}},
}

@InProceedings{Bezier1968,
  author    = {Pierre E. B{\'{e}}zier},
  booktitle = {{SAE} Technical Paper Series},
  title     = {How Renault Uses Numerical Control for Car Body Design and Tooling},
  year      = {1968},
  month     = {feb},
  publisher = {{SAE} International},
  doi       = {10.4271/680010},
  groups    = {Master Thesis},
}

@Comment{jabref-meta: databaseType:bibtex;}

@Comment{jabref-meta: grouping:
0 AllEntriesGroup:;
1 StaticGroup:Master Thesis\;0\;1\;0x99cc99ff\;\;\;;
}
